[gd_scene load_steps=4 format=2]

[ext_resource path="res://Scripts/GameOver.gd" type="Script" id=1]
[ext_resource path="res://Assets/fonts/edge_of_galaxy_font.tres" type="DynamicFont" id=2]
[ext_resource path="res://Assets/fonts/edge_of_galaxy_font_smaller.tres" type="DynamicFont" id=3]

[node name="CanvasLayer" type="CanvasLayer"]
script = ExtResource( 1 )

[node name="ColorRect" type="ColorRect" parent="."]
anchor_right = 1.0
anchor_bottom = 1.0
color = Color( 0.74902, 0.219608, 0.219608, 1 )
__meta__ = {
"_edit_use_anchors_": false
}

[node name="VBoxContainer" type="VBoxContainer" parent="ColorRect"]
anchor_left = 0.5
anchor_right = 0.5
anchor_bottom = 1.0
margin_left = -63.5
margin_right = 63.5
custom_constants/separation = 33
alignment = 1
__meta__ = {
"_edit_use_anchors_": false
}

[node name="Game Over" type="Label" parent="ColorRect/VBoxContainer"]
margin_top = 191.0
margin_right = 127.0
margin_bottom = 288.0
custom_fonts/font = ExtResource( 2 )
text = "Game Over"
align = 1
valign = 1
autowrap = true
uppercase = true
__meta__ = {
"_edit_use_anchors_": false
}

[node name="VBoxContainer" type="VBoxContainer" parent="ColorRect/VBoxContainer"]
margin_top = 321.0
margin_right = 127.0
margin_bottom = 408.0
custom_constants/separation = 15

[node name="Button" type="Button" parent="ColorRect/VBoxContainer/VBoxContainer"]
margin_right = 127.0
margin_bottom = 36.0
custom_fonts/font = ExtResource( 3 )
text = "Retry?"
__meta__ = {
"_edit_use_anchors_": false
}

[node name="Button2" type="Button" parent="ColorRect/VBoxContainer/VBoxContainer"]
margin_top = 51.0
margin_right = 127.0
margin_bottom = 87.0
custom_fonts/font = ExtResource( 3 )
text = "Main Menu"
__meta__ = {
"_edit_use_anchors_": false
}

[connection signal="pressed" from="ColorRect/VBoxContainer/VBoxContainer/Button" to="." method="_on_Button_pressed"]
[connection signal="pressed" from="ColorRect/VBoxContainer/VBoxContainer/Button2" to="." method="_on_Button2_pressed"]
